<collection xmlns="http://www.loc.gov/MARC21/slim">
<record>
  <leader>01266nam0a22002291i 450 </leader>
  <controlfield tag="001">IT\ICCU\CNCE\051255</controlfield>
  <controlfield tag="005">20001220000000.0</controlfield>
  <datafield tag="100" ind1=" " ind2=" ">
    <subfield code="a">20001212d1564        0itac0103    ba</subfield>
  </datafield>
  <datafield tag="101" ind1=" " ind2=" ">
    <subfield code="a">LAT</subfield>
  </datafield>
  <datafield tag="102" ind1=" " ind2=" ">
    <subfield code="a">IT</subfield>
  </datafield>
  <datafield tag="200" ind1="1" ind2=" ">
    <subfield code="a">Quod veterinaria medicina formaliter una, eademque cum nobiliore hominis medicina sit, materiae dumtaxat dignitate, seu nobilitate differens: ex quo veterinarii quoque medici, non minus qum̉ nobiles illi hominum medici ad regiam Protomedicatus officii jurisdictionem pertineant</subfield>
  </datafield>
  <datafield tag="210" ind1=" " ind2=" ">
    <subfield code="a">Panormi</subfield>
    <subfield code="c">apud Joannem Matthaeum Maydam</subfield>
    <subfield code="d">1564</subfield>
  </datafield>
  <datafield tag="620" ind1=" " ind2=" ">
    <subfield code="a">IT</subfield>
    <subfield code="d">Palermo</subfield>
  </datafield>
  <datafield tag="700" ind1=" " ind2="1">
    <subfield code="a">Ingrassia,</subfield>
    <subfield code="b">Giovanni Filippo</subfield>
    <subfield code="3">IT\ICCU\CNCA\005644</subfield>
  </datafield>
  <datafield tag="712" ind1="0" ind2="0">
    <subfield code="a">Mayda, Giovanni Matteo</subfield>
    <subfield code="3">IT\ICCU\CNCT\000016</subfield>
    <subfield code="4">650</subfield>
  </datafield>
  <datafield tag="790" ind1=" " ind2="1">
    <subfield code="a">Ingrassia,</subfield>
    <subfield code="b">Joannes Philippus</subfield>
    <subfield code="3">IT\ICCU\CNCA\020108</subfield>
    <subfield code="z">Ingrassia, Giovanni Filippo</subfield>
  </datafield>
  <datafield tag="790" ind1=" " ind2="1">
    <subfield code="a">Ingrassia,</subfield>
    <subfield code="b">Philippus</subfield>
    <subfield code="3">IT\ICCU\CNCA\022996</subfield>
    <subfield code="z">Ingrassia, Giovanni Filippo</subfield>
  </datafield>
  <datafield tag="790" ind1=" " ind2="1">
    <subfield code="a">Ingrassia,</subfield>
    <subfield code="b">Ioannes Philippus</subfield>
    <subfield code="3">IT\ICCU\CNCA\022997</subfield>
    <subfield code="z">Ingrassia, Giovanni Filippo</subfield>
  </datafield>
  <datafield tag="791" ind1="0" ind2="0">
    <subfield code="a">Maida, Giovanni Matteo</subfield>
    <subfield code="3">IT\ICCU\CNCT\003506</subfield>
    <subfield code="z">Mayda, Giovanni Matteo</subfield>
  </datafield>
  <datafield tag="791" ind1="0" ind2="0">
    <subfield code="a">Maida, Ioannes Matthaeus</subfield>
    <subfield code="3">IT\ICCU\CNCT\005110</subfield>
    <subfield code="z">Mayda, Giovanni Matteo</subfield>
  </datafield>
  <datafield tag="791" ind1="0" ind2="0">
    <subfield code="a">Mayda, Ioannes Mattheus de</subfield>
    <subfield code="3">IT\ICCU\CNCT\005112</subfield>
    <subfield code="z">Mayda, Giovanni Matteo</subfield>
  </datafield>
  <datafield tag="801" ind1=" " ind2="3">
    <subfield code="a">IT</subfield>
    <subfield code="b">ICCU</subfield>
    <subfield code="c">20201115</subfield>
  </datafield>
</record>
</collection>
